%YAML 1.1
%TAG !u! tag:unity3d.com,2011:
--- !u!1001 &100100000
Prefab:
  m_ObjectHideFlags: 1
  serializedVersion: 2
  m_Modification:
    m_TransformParent: {fileID: 0}
    m_Modifications: []
    m_RemovedComponents: []
  m_SourcePrefab: {fileID: 0}
  m_RootGameObject: {fileID: 1928399557314716}
  m_IsPrefabAsset: 1
--- !u!1 &1087222585351786
GameObject:
  m_ObjectHideFlags: 0
  m_CorrespondingSourceObject: {fileID: 0}
  m_PrefabInternal: {fileID: 100100000}
  serializedVersion: 6
  m_Component:
  - component: {fileID: 4902385685437970}
  - component: {fileID: 114389813140007542}
  m_Layer: 0
  m_Name: node (0)
  m_TagString: Untagged
  m_Icon: {fileID: 0}
  m_NavMeshLayer: 0
  m_StaticEditorFlags: 0
  m_IsActive: 1
--- !u!1 &1729853590941124
GameObject:
  m_ObjectHideFlags: 0
  m_CorrespondingSourceObject: {fileID: 0}
  m_PrefabInternal: {fileID: 100100000}
  serializedVersion: 6
  m_Component:
  - component: {fileID: 4171254653720914}
  - component: {fileID: 114284084081660220}
  m_Layer: 0
  m_Name: node (2)
  m_TagString: Untagged
  m_Icon: {fileID: 0}
  m_NavMeshLayer: 0
  m_StaticEditorFlags: 0
  m_IsActive: 1
--- !u!1 &1755335086618800
GameObject:
  m_ObjectHideFlags: 0
  m_CorrespondingSourceObject: {fileID: 0}
  m_PrefabInternal: {fileID: 100100000}
  serializedVersion: 6
  m_Component:
  - component: {fileID: 4002523752559842}
  - component: {fileID: 114506167115585222}
  m_Layer: 0
  m_Name: node (1)
  m_TagString: Untagged
  m_Icon: {fileID: 0}
  m_NavMeshLayer: 0
  m_StaticEditorFlags: 0
  m_IsActive: 1
--- !u!1 &1928399557314716
GameObject:
  m_ObjectHideFlags: 0
  m_CorrespondingSourceObject: {fileID: 0}
  m_PrefabInternal: {fileID: 100100000}
  serializedVersion: 6
  m_Component:
  - component: {fileID: 4688910954080848}
  - component: {fileID: 114865447011184554}
  m_Layer: 0
  m_Name: path_straight
  m_TagString: Untagged
  m_Icon: {fileID: 0}
  m_NavMeshLayer: 0
  m_StaticEditorFlags: 0
  m_IsActive: 1
--- !u!4 &4002523752559842
Transform:
  m_ObjectHideFlags: 1
  m_CorrespondingSourceObject: {fileID: 0}
  m_PrefabInternal: {fileID: 100100000}
  m_GameObject: {fileID: 1755335086618800}
  m_LocalRotation: {x: -0, y: 0.0000021755693, z: -0, w: 1}
  m_LocalPosition: {x: -0.040021133, y: 0, z: 3.1999896}
  m_LocalScale: {x: 1, y: 1, z: 1}
  m_Children: []
  m_Father: {fileID: 4688910954080848}
  m_RootOrder: 1
  m_LocalEulerAnglesHint: {x: 0, y: 360, z: 0}
--- !u!4 &4171254653720914
Transform:
  m_ObjectHideFlags: 1
  m_CorrespondingSourceObject: {fileID: 0}
  m_PrefabInternal: {fileID: 100100000}
  m_GameObject: {fileID: 1729853590941124}
  m_LocalRotation: {x: -0, y: 0.0000021755693, z: -0, w: 1}
  m_LocalPosition: {x: -29.999998, y: 0, z: 3.2000048}
  m_LocalScale: {x: 1, y: 1, z: 1}
  m_Children: []
  m_Father: {fileID: 4688910954080848}
  m_RootOrder: 2
  m_LocalEulerAnglesHint: {x: 0, y: 360, z: 0}
--- !u!4 &4688910954080848
Transform:
  m_ObjectHideFlags: 1
  m_CorrespondingSourceObject: {fileID: 0}
  m_PrefabInternal: {fileID: 100100000}
  m_GameObject: {fileID: 1928399557314716}
  m_LocalRotation: {x: 0, y: 0, z: 0, w: 1}
  m_LocalPosition: {x: 0, y: 0, z: 0}
  m_LocalScale: {x: 1, y: 1, z: 1}
  m_Children:
  - {fileID: 4902385685437970}
  - {fileID: 4002523752559842}
  - {fileID: 4171254653720914}
  m_Father: {fileID: 0}
  m_RootOrder: 0
  m_LocalEulerAnglesHint: {x: 0, y: 0, z: 0}
--- !u!4 &4902385685437970
Transform:
  m_ObjectHideFlags: 1
  m_CorrespondingSourceObject: {fileID: 0}
  m_PrefabInternal: {fileID: 100100000}
  m_GameObject: {fileID: 1087222585351786}
  m_LocalRotation: {x: -0, y: 0.0000021755693, z: -0, w: 1}
  m_LocalPosition: {x: 29.960009, y: 0, z: 3.1999664}
  m_LocalScale: {x: 1, y: 1, z: 1}
  m_Children: []
  m_Father: {fileID: 4688910954080848}
  m_RootOrder: 0
  m_LocalEulerAnglesHint: {x: 0, y: 360, z: 0}
--- !u!114 &114284084081660220
MonoBehaviour:
  m_ObjectHideFlags: 1
  m_CorrespondingSourceObject: {fileID: 0}
  m_PrefabInternal: {fileID: 100100000}
  m_GameObject: {fileID: 1729853590941124}
  m_Enabled: 1
  m_EditorHideFlags: 0
  m_Script: {fileID: 11500000, guid: 16bef97adcb195e4cbb65992ad783f29, type: 3}
  m_Name: 
  m_EditorClassIdentifier: 
  Path: {fileID: 114865447011184554}
  IsStop: 0
  Index: 2
  PrevNode: {fileID: 114506167115585222}
  NextNode: {fileID: 114389813140007542}
--- !u!114 &114389813140007542
MonoBehaviour:
  m_ObjectHideFlags: 1
  m_CorrespondingSourceObject: {fileID: 0}
  m_PrefabInternal: {fileID: 100100000}
  m_GameObject: {fileID: 1087222585351786}
  m_Enabled: 1
  m_EditorHideFlags: 0
  m_Script: {fileID: 11500000, guid: 16bef97adcb195e4cbb65992ad783f29, type: 3}
  m_Name: 
  m_EditorClassIdentifier: 
  Path: {fileID: 114865447011184554}
  IsStop: 0
  Index: 0
  PrevNode: {fileID: 114284084081660220}
  NextNode: {fileID: 114506167115585222}
--- !u!114 &114506167115585222
MonoBehaviour:
  m_ObjectHideFlags: 1
  m_CorrespondingSourceObject: {fileID: 0}
  m_PrefabInternal: {fileID: 100100000}
  m_GameObject: {fileID: 1755335086618800}
  m_Enabled: 1
  m_EditorHideFlags: 0
  m_Script: {fileID: 11500000, guid: 16bef97adcb195e4cbb65992ad783f29, type: 3}
  m_Name: 
  m_EditorClassIdentifier: 
  Path: {fileID: 114865447011184554}
  IsStop: 0
  Index: 1
  PrevNode: {fileID: 114389813140007542}
  NextNode: {fileID: 114284084081660220}
--- !u!114 &114865447011184554
MonoBehaviour:
  m_ObjectHideFlags: 1
  m_CorrespondingSourceObject: {fileID: 0}
  m_PrefabInternal: {fileID: 100100000}
  m_GameObject: {fileID: 1928399557314716}
  m_Enabled: 0
  m_EditorHideFlags: 0
  m_Script: {fileID: 11500000, guid: ce444f4c7e3be0b4eaddf6101ab98789, type: 3}
  m_Name: 
  m_EditorClassIdentifier: 
  GizmoRadius: 0.3
  Loop: 1
