%YAML 1.1
%TAG !u! tag:unity3d.com,2011:
--- !u!1001 &100100000
Prefab:
  m_ObjectHideFlags: 1
  serializedVersion: 2
  m_Modification:
    m_TransformParent: {fileID: 0}
    m_Modifications: []
    m_RemovedComponents: []
  m_SourcePrefab: {fileID: 0}
  m_RootGameObject: {fileID: 1245852178505826}
  m_IsPrefabAsset: 1
--- !u!1 &1073512935876826
GameObject:
  m_ObjectHideFlags: 0
  m_CorrespondingSourceObject: {fileID: 0}
  m_PrefabInternal: {fileID: 100100000}
  serializedVersion: 6
  m_Component:
  - component: {fileID: 4495932989779430}
  - component: {fileID: 114606753439685722}
  m_Layer: 0
  m_Name: node (1)
  m_TagString: Untagged
  m_Icon: {fileID: 0}
  m_NavMeshLayer: 0
  m_StaticEditorFlags: 0
  m_IsActive: 1
--- !u!1 &1179481521077158
GameObject:
  m_ObjectHideFlags: 0
  m_CorrespondingSourceObject: {fileID: 0}
  m_PrefabInternal: {fileID: 100100000}
  serializedVersion: 6
  m_Component:
  - component: {fileID: 4245988734125616}
  - component: {fileID: 114195400226991064}
  m_Layer: 0
  m_Name: node (4)
  m_TagString: Untagged
  m_Icon: {fileID: 0}
  m_NavMeshLayer: 0
  m_StaticEditorFlags: 0
  m_IsActive: 1
--- !u!1 &1245852178505826
GameObject:
  m_ObjectHideFlags: 0
  m_CorrespondingSourceObject: {fileID: 0}
  m_PrefabInternal: {fileID: 100100000}
  serializedVersion: 6
  m_Component:
  - component: {fileID: 4133218349346160}
  - component: {fileID: 114908419207845492}
  m_Layer: 0
  m_Name: path_turn_right
  m_TagString: Untagged
  m_Icon: {fileID: 0}
  m_NavMeshLayer: 0
  m_StaticEditorFlags: 0
  m_IsActive: 1
--- !u!1 &1338036715495652
GameObject:
  m_ObjectHideFlags: 0
  m_CorrespondingSourceObject: {fileID: 0}
  m_PrefabInternal: {fileID: 100100000}
  serializedVersion: 6
  m_Component:
  - component: {fileID: 4414161955820944}
  - component: {fileID: 114510747479601068}
  m_Layer: 0
  m_Name: node (3)
  m_TagString: Untagged
  m_Icon: {fileID: 0}
  m_NavMeshLayer: 0
  m_StaticEditorFlags: 0
  m_IsActive: 1
--- !u!1 &1341964669329226
GameObject:
  m_ObjectHideFlags: 0
  m_CorrespondingSourceObject: {fileID: 0}
  m_PrefabInternal: {fileID: 100100000}
  serializedVersion: 6
  m_Component:
  - component: {fileID: 4059636821121954}
  - component: {fileID: 114747976689714886}
  m_Layer: 0
  m_Name: node (0)
  m_TagString: Untagged
  m_Icon: {fileID: 0}
  m_NavMeshLayer: 0
  m_StaticEditorFlags: 0
  m_IsActive: 1
--- !u!1 &1680521584473634
GameObject:
  m_ObjectHideFlags: 0
  m_CorrespondingSourceObject: {fileID: 0}
  m_PrefabInternal: {fileID: 100100000}
  serializedVersion: 6
  m_Component:
  - component: {fileID: 4673509993062174}
  - component: {fileID: 114467002148985660}
  m_Layer: 0
  m_Name: node (2)
  m_TagString: Untagged
  m_Icon: {fileID: 0}
  m_NavMeshLayer: 0
  m_StaticEditorFlags: 0
  m_IsActive: 1
--- !u!4 &4059636821121954
Transform:
  m_ObjectHideFlags: 1
  m_CorrespondingSourceObject: {fileID: 0}
  m_PrefabInternal: {fileID: 100100000}
  m_GameObject: {fileID: 1341964669329226}
  m_LocalRotation: {x: -0, y: -0.0000029653306, z: -0, w: -1}
  m_LocalPosition: {x: -3.12, y: 0, z: 29.91}
  m_LocalScale: {x: 1, y: 1, z: 1}
  m_Children: []
  m_Father: {fileID: 4133218349346160}
  m_RootOrder: 0
  m_LocalEulerAnglesHint: {x: 0, y: 0, z: 0}
--- !u!4 &4133218349346160
Transform:
  m_ObjectHideFlags: 1
  m_CorrespondingSourceObject: {fileID: 0}
  m_PrefabInternal: {fileID: 100100000}
  m_GameObject: {fileID: 1245852178505826}
  m_LocalRotation: {x: 0, y: 0, z: 0, w: 1}
  m_LocalPosition: {x: 0, y: 0, z: 0}
  m_LocalScale: {x: 1, y: 1, z: 1}
  m_Children:
  - {fileID: 4059636821121954}
  - {fileID: 4495932989779430}
  - {fileID: 4673509993062174}
  - {fileID: 4414161955820944}
  - {fileID: 4245988734125616}
  m_Father: {fileID: 0}
  m_RootOrder: 0
  m_LocalEulerAnglesHint: {x: 0, y: 0, z: 0}
--- !u!4 &4245988734125616
Transform:
  m_ObjectHideFlags: 1
  m_CorrespondingSourceObject: {fileID: 0}
  m_PrefabInternal: {fileID: 100100000}
  m_GameObject: {fileID: 1179481521077158}
  m_LocalRotation: {x: -0, y: -0.0000029653306, z: -0, w: -1}
  m_LocalPosition: {x: -30.02, y: 0, z: 3.13}
  m_LocalScale: {x: 1, y: 1, z: 1}
  m_Children: []
  m_Father: {fileID: 4133218349346160}
  m_RootOrder: 4
  m_LocalEulerAnglesHint: {x: 0, y: 0, z: 0}
--- !u!4 &4414161955820944
Transform:
  m_ObjectHideFlags: 1
  m_CorrespondingSourceObject: {fileID: 0}
  m_PrefabInternal: {fileID: 100100000}
  m_GameObject: {fileID: 1338036715495652}
  m_LocalRotation: {x: -0, y: -0.0000029653306, z: -0, w: -1}
  m_LocalPosition: {x: -8.11, y: 0, z: 3.07}
  m_LocalScale: {x: 1, y: 1, z: 1}
  m_Children: []
  m_Father: {fileID: 4133218349346160}
  m_RootOrder: 3
  m_LocalEulerAnglesHint: {x: 0, y: 0, z: 0}
--- !u!4 &4495932989779430
Transform:
  m_ObjectHideFlags: 1
  m_CorrespondingSourceObject: {fileID: 0}
  m_PrefabInternal: {fileID: 100100000}
  m_GameObject: {fileID: 1073512935876826}
  m_LocalRotation: {x: -0, y: -0.0000029653306, z: -0, w: -1}
  m_LocalPosition: {x: -2.95, y: 0, z: 6.98}
  m_LocalScale: {x: 1, y: 1, z: 1}
  m_Children: []
  m_Father: {fileID: 4133218349346160}
  m_RootOrder: 1
  m_LocalEulerAnglesHint: {x: 0, y: 0, z: 0}
--- !u!4 &4673509993062174
Transform:
  m_ObjectHideFlags: 1
  m_CorrespondingSourceObject: {fileID: 0}
  m_PrefabInternal: {fileID: 100100000}
  m_GameObject: {fileID: 1680521584473634}
  m_LocalRotation: {x: -0, y: -0.0000029653306, z: -0, w: -1}
  m_LocalPosition: {x: -4.77, y: 0, z: 4.22}
  m_LocalScale: {x: 1, y: 1, z: 1}
  m_Children: []
  m_Father: {fileID: 4133218349346160}
  m_RootOrder: 2
  m_LocalEulerAnglesHint: {x: 0, y: 0, z: 0}
--- !u!114 &114195400226991064
MonoBehaviour:
  m_ObjectHideFlags: 1
  m_CorrespondingSourceObject: {fileID: 0}
  m_PrefabInternal: {fileID: 100100000}
  m_GameObject: {fileID: 1179481521077158}
  m_Enabled: 1
  m_EditorHideFlags: 0
  m_Script: {fileID: 11500000, guid: 16bef97adcb195e4cbb65992ad783f29, type: 3}
  m_Name: 
  m_EditorClassIdentifier: 
  Path: {fileID: 114908419207845492}
  IsStop: 0
  Index: 4
  PrevNode: {fileID: 114510747479601068}
  NextNode: {fileID: 114747976689714886}
--- !u!114 &114467002148985660
MonoBehaviour:
  m_ObjectHideFlags: 1
  m_CorrespondingSourceObject: {fileID: 0}
  m_PrefabInternal: {fileID: 100100000}
  m_GameObject: {fileID: 1680521584473634}
  m_Enabled: 1
  m_EditorHideFlags: 0
  m_Script: {fileID: 11500000, guid: 16bef97adcb195e4cbb65992ad783f29, type: 3}
  m_Name: 
  m_EditorClassIdentifier: 
  Path: {fileID: 114908419207845492}
  IsStop: 0
  Index: 2
  PrevNode: {fileID: 114606753439685722}
  NextNode: {fileID: 114510747479601068}
--- !u!114 &114510747479601068
MonoBehaviour:
  m_ObjectHideFlags: 1
  m_CorrespondingSourceObject: {fileID: 0}
  m_PrefabInternal: {fileID: 100100000}
  m_GameObject: {fileID: 1338036715495652}
  m_Enabled: 1
  m_EditorHideFlags: 0
  m_Script: {fileID: 11500000, guid: 16bef97adcb195e4cbb65992ad783f29, type: 3}
  m_Name: 
  m_EditorClassIdentifier: 
  Path: {fileID: 114908419207845492}
  IsStop: 0
  Index: 3
  PrevNode: {fileID: 114467002148985660}
  NextNode: {fileID: 114195400226991064}
--- !u!114 &114606753439685722
MonoBehaviour:
  m_ObjectHideFlags: 1
  m_CorrespondingSourceObject: {fileID: 0}
  m_PrefabInternal: {fileID: 100100000}
  m_GameObject: {fileID: 1073512935876826}
  m_Enabled: 1
  m_EditorHideFlags: 0
  m_Script: {fileID: 11500000, guid: 16bef97adcb195e4cbb65992ad783f29, type: 3}
  m_Name: 
  m_EditorClassIdentifier: 
  Path: {fileID: 114908419207845492}
  IsStop: 0
  Index: 1
  PrevNode: {fileID: 114747976689714886}
  NextNode: {fileID: 114467002148985660}
--- !u!114 &114747976689714886
MonoBehaviour:
  m_ObjectHideFlags: 1
  m_CorrespondingSourceObject: {fileID: 0}
  m_PrefabInternal: {fileID: 100100000}
  m_GameObject: {fileID: 1341964669329226}
  m_Enabled: 1
  m_EditorHideFlags: 0
  m_Script: {fileID: 11500000, guid: 16bef97adcb195e4cbb65992ad783f29, type: 3}
  m_Name: 
  m_EditorClassIdentifier: 
  Path: {fileID: 114908419207845492}
  IsStop: 0
  Index: 0
  PrevNode: {fileID: 114195400226991064}
  NextNode: {fileID: 114606753439685722}
--- !u!114 &114908419207845492
MonoBehaviour:
  m_ObjectHideFlags: 1
  m_CorrespondingSourceObject: {fileID: 0}
  m_PrefabInternal: {fileID: 100100000}
  m_GameObject: {fileID: 1245852178505826}
  m_Enabled: 1
  m_EditorHideFlags: 0
  m_Script: {fileID: 11500000, guid: ce444f4c7e3be0b4eaddf6101ab98789, type: 3}
  m_Name: 
  m_EditorClassIdentifier: 
  GizmoRadius: 0.3
  Loop: 0
